% Encoding: UTF-8

@Electronic{python,
  author = {Python},
  title  = {https://www.python.org/},
}

@Electronic{eli,
  author = {E. Schaeffer},
  title  = {https://elisa.dyndns-web.com/teaching/opt/flow/},
}

@Misc{serna,
  author = {A. Serna},
  title  = {https://github.com/SernArmando},
}

@Comment{jabref-meta: databaseType:bibtex;}
